@inproceedings{hounsel2021encryption,
    author = {Hounsel, Austin and Schmitt, Paul and Borgolte, Kevin and Feamster, Nick},
    title = {Encryption without Centralization: Distributing DNS Queries across Recursive Resolvers},
    booktitle = {Proceedings of the Applied Networking Research Workshop (ANRW) 2021},
    year = {2021},
    url = {https://doi.org/10.1145/3472305.3472318},
    urldate = {2021-10-27}
}

@inproceedings{boettger2019empirical,
  title    = {{An Empirical Study of the Cost of DNS-over-HTTPS}},
  author   = {Böttger, Timm and Cuadrado, Felix and Antichi, Gianni and Fernandes, Eder Leao and Tyson, Gareth and Castro, Ignacio and Uhlig, Steve},
  booktitle = {Proceedings of the 19th Internet Measurement Conference (IMC)},
  edition   = {19},
  date      = {2019-10},
  publisher = {Association for Computing Machinery (ACM)},
  url      = {https://dl.acm.org/doi/pdf/10.1145/3355369.3355575},
  urldate  = {2020-01-22},
  year     = {2019},
}

@inproceedings{hounsel2021can,
   title={{Can Encrypted DNS Be Fast?}},
   author={Hounsel, Austin and Schmitt, Paul and Borgolte, Kevin and Feamster, Nick},
   booktitle={Passive and Active Network Measurement Conference (PAM)},
   year={2021},
   publisher={Springer},
   url={https://papers.ssrn.com/sol3/papers.cfm?abstract\_id=3427563},
}

@inproceedings{hounsel2020comparing,
  title={{Comparing the Effects of DNS, DoT, and DoH on Web Performance}},
  author={Hounsel, Austin and Borgolte, Kevin and Schmitt, Paul and Holland, Jordan and Feamster, Nick},
  booktitle={Proceedings of The Web Conference 2020},
  year={2020},
  publisher = {Association for Computing Machinery},
  url = {https://doi.org/10.1145/3366423.3380139},
}

@electronic{chromeResolvers,
 author = {Baheux, Kenji},
 title = {{A safer and more private browsing experience with Secure DNS}},
 url = {https://blog.chromium.org/2020/05/a-safer-and-more-private-browsing-DoH.html},
 year = {2020}
}

@electronic{ffChoices,
 author = {Deckelmann, Selena},
 title = {{Firefox continues push to bring DNS over HTTPS by default for US users}},
 url = {https://blog.mozilla.org/en/products/firefox/firefox-continues-push-to-bring-dns-over-https-by-default-for-us-users/},
 year = {2020}
}

@electronic{dnscrypt,
 author = {{DNSCrypt}},
 title = {{DNSCrypt and DoH Servers}},
 url = {https://dnscrypt.info/public-servers/},
 year = {2021}
}

@electronic{IEEEfight,
 author = {Rashid, Fahmida},
 title = {{The Fight Over Encrypted DNS: Explained}},
 url = {https://spectrum.ieee.org/the-fight-over-encrypted-dns-boils-over},
 year = {2019}
}

@inproceedings{lu2019end-to-end,
  title    = {{An End-to-End, Large-Scale Measurement of DNS-over-Encryption: How Far Have We Come?}},
  author   = {Lu, Chaoyi and Liu, Baojun and Li, Zhou and Hao, Shuang and Duan, Haixin and Zhang, Mingming and Leng, Chunying and Liu, Ying and Zhang, Zaifeng and Wu, Jianpeng},
  year = {2019},
  booktitle = {Proceedings of the 19th Internet Measurement Conference (IMC)},
  publisher = {Association for Computing Machinery (ACM)}
}

@inproceedings{hoang2020k,
  title={K-resolver: Towards Decentralizing Encrypted DNS Resolution},
  author={Hoang, Nguyen Phong and Lin, Ivan and Ghavamnia, Seyedhamed and Polychronakis, Michalis},
  year={2020},
  booktitle={Proceedings of the Workshop on Measurements, Attacks, and Defenses for the Web (MADWeb) 2020},
  publisher = {Internet Society},
  url={https://www.ndss-symposium.org/wp-content/uploads/2020/02/23009-paper.pdf},
  urldate={2021-10-27}
}

@electronic{ffSettings,
 author = {Wyman, Alice and Rodaro, Michele and Mozinet and Branton, Wesley and Joni and Seburo and Gardenhire, Lamont and Lazar, Angela and Fabi},
 title = {{Firefox DNS-over-HTTPS}},
 url = {https://support.mozilla.org/en-US/kb/firefox-dns-over-https},
 year = {2021}
}

@electronic{operaEdgeSettings,
 author = {{TechJourney}},
 title = {{How to Enable DNS over HTTPS in Chrome / Edge / Opera / Chromium}},
 url = {https://techjourney.net/how-to-enable-dns-over-https-in-chrome-edge-opera-chromium/},
 year = {2020}
}

@electronic{vivaldiSettings,
 author = {Johnson, Rodney},
 title = {{How to Enable Encrypted DNS on iPhone iOS 14}},
 url = {https://rodneylab.com/how-to-enable-encrypted-dns-on-iphone-ios-14/},
 year = {2021}
}

@electronic{iosSettings,
 author = {Wilton-Jones, Tarquin},
 title = {{Vivaldi’s powerful privacy settings}},
 url = {https://vivaldi.com/blog/vivaldi-powerful-privacy-settings/},
 year = {2019}
}

@misc{jensen2020windows,
  title={{Windows Insiders can now test DNS over HTTPS}},
  author={Jensen, Tommy},
  year={2020},
  url={https://techcommunity.microsoft.com/t5/networking-blog/windows-insiders-can-now-test-dns-over-https/ba-p/1381282}
}

@electronic{bravebrowser,
  title={{Brave}},
  author={Brave},
  url={https://www.brave.com},
  year={2021}
}

@electronic{edgebrowser,
  title={{Microsoft Edge}},
  author={Microsoft},
  url={https://www.microsoft.com/en-us/edge},
  year={2021}
}

@electronic{ffbrowser,
  title={{Firefox}},
  author={Mozilla},
  url={https://www.mozilla.org/en-US/firefox/new/},
  year = {2021}
}

@electronic{chromebrowser,
  title={{Google Chrome}},
  author={Google},
  url={https://www.google.com/chrome/index.html},
  year = {2021}
}

@electronic{operabrowser,
  title={{Opera Web Browser}},
  author={Opera},
  url={https://www.opera.com},
  year = {2021}
}

@techreport{rfc1035,
  title={Domain names - implementation and specification},
  author={Mockapetris, Paul},
  number={1035},
  year={1987},
  note={(Standards Track)},
  url={https://www.ietf.org/rfc/rfc1035.txt}
}

@techreport{rfc8484,
  title    = {{DNS Queries over HTTPS (DoH)}},
  author   = {Hoffman, Paul and McManus, Patrick},
  number   = {8484},
  note     = {(Standards Track)},
  date     = {2018-10},
  url      = {https://www.ietf.org/rfc/rfc8484.txt},
  year = {2018}
} 

@online{vixie,
    title = {{My Chromecast Ultra Would Not Start Until I Began Answering 8.8.8.8}},
    author = {Vixie, Paul},
    url = {https://mailarchive.ietf.org/arch/msg/dnsop/WCVv57IizUSjNb2RQNP84fBclI0/},
    year = {2019}
}

@inproceedings{zhu2015connection,
  title    = {{Connection-oriented DNS to Improve Privacy and Security}},
  author   = {Zhu, Liang and Hu, Zi and Heidemann, John and Wessels, Duane and Mankin, Allison and Somaiya, Nikita},
  booktitle={Proceedings of the IEEE Symposium on Security and Privacy},
  publisher = {IEEE},
  year = {2015},
  url = {https://ieeexplore.ieee.org/stamp/stamp.jsp?arnumber=7163025}
}

@inproceedings{foremski2019dns-observatory,
  title    = {{DNS Observatory: The Big Picture of the DNS}},
  author   = {Foremski, Pawel and Gasser, Oliver and Moura, Giovane C. M.},
  year = {2019},
  booktitle = {Proceedings of the 19th Internet Measurement Conference (IMC)},
  publisher = {Association for Computing Machinery (ACM)},
  url = {https://dl.acm.org/doi/abs/10.1145/3355369.3355566}
}

@inproceedings{moura2020clouding,
  title    = {{Clouding up the Internet: how centralized is DNS traffic becoming?}},
  author   = {Moura, Giovane CM and Castro, Sebastian and Hardaker, Wes and Wullink, Maarten and Hesselman, Cristian},
  booktitle={Proceedings of the Internet Measurement Conference (IMC) 2020},
  publisher = {Association for Computing Machinery (ACM)},
  url = {https://dl.acm.org/doi/pdf/10.1145/3419394.3423625},
  year = {2020}
}

@inproceedings{sundaresan2013measuring,
  title    = {{Measuring and Mitigating Web Performance Bottlenecks in Broadband Access Networks}},
  author   = {Sundaresan, Srikanth and Feamster, Nick and Teixeira, Renata and Magharei, Nazanin},
  booktitle={Proceedings of the Internet Measurement Conference (IMC) 2013},
  year = {2013},
  url = {https://hal.sorbonne-universite.fr/file/index/docid/937167/filename/paper.pdf}
}

@inproceedings{allman2020putting,
    title = {{Putting DNS in Context}},
    author = {Allman, Mark},
    url = {https://dl.acm.org/doi/10.1145/3419394.3423659},
    urldate = {2020-01-24},
    year = {2020},
    booktitle = {Proceedings of the Internet Measurement Conference (IMC) 2020},
    date      = {2020-10},
    publisher = {Associatian for Computing Machinery (ACM)},
    location  = {Virtual Event},
    editor    = {Bustamante, Fabián and Feamster, Nick},
    isbn      = {978-1-4503-8138-3}
}

@inproceedings{otto2012content,
  title    = {{Content Delivery and the Natural Evolution of DNS: Remote DNS Trends, Performance Issues and Alternative Solutions}},
  author   = {Otto, John S. and Sánchez, Mario A. and Rula, John P. and Bustamante, Fabián E.},
  year = {2012},
  booktitle={Proceedings of the Internet Measurement Conference (IMC) 2012},
  url = {https://www.aqualab.cs.northwestern.edu/wp-content/uploads/2019/02/OttoIMC2012.pdf}
}

@inproceedings{wang2013demystifying,
  title    = {{Demystifying Page Load Performance with WProf}},
  author   = {Wang, Xiao Sophia and Balasubramanian, Aruna and Krishnamurthy, Arvind and Wetherall, David},
  booktitle = {USENIX Symposium on Networked Systems Design and Implementation (NSDI)},
  year = {2013},
  url = {https://www.usenix.org/system/files/conference/nsdi13/nsdi13-final177.pdf}
}

@misc{amazon_ec2_instance_types,
  title   = {{Amazon EC2 Instance Types}},
  author  = {Amazon},
  year = {2021},
  url = {https://aws.amazon.com/ec2/instance-types/},
}

@misc{amazon_ec2,
  title   = {{Amazon EC2}},
  author  = {Amazon},
  year = {2021},
  note = {https://aws.amazon.com/ec2},
}

@misc{maxmind,
  title   = {{GeoLite2 Free Geolocation Data}},
  author  = {MaxMind},
  note = {https://dev.maxmind.com/geoip/geolite2-free-geolocation-data?lang=en},
  year = {2021}
}



@inproceedings{jones2016detecting,
    title = "{Detecting DNS Root Manipulation}",
    author = {Ben Jones and Nick Feamster and Vern Paxson and Nick Weaver and Mark Allman},
    booktitle = {Passive and Active Measurement Conference (PAM)},
    year = {2016},
    url = {https://www.icir.org/mallman/pubs/JFP+16/JFP+16.pdf}
}

@inproceedings{schmitt2019:odns:pets,
    title = "{Oblivious DNS: Practical Privacy for DNS Queries}",
    author = {Paul Schmitt and Anne Edmundson and Nick Feamster},
    booktitle = {Symposium on Privacy Enhancing Technologies (PETS) 2019},
    address = {Stockholm, Sweden},
    year = 2019,
    url = {https://content.sciendo.com/view/journals/popets/2019/2/article-p228.xml}
}

@misc{dnscrypt-public-resolvers,
  key = "dnscrypt-public-resolvers",
  title   = {{DNSCrypt Public Resolvers}},
  author  = {DNSCrypt},
  year = {2021},
  note = {\url{https://github.com/dnscrypt/dnscrypt-resolvers}},
}


